@article{cormen2012algoritmos,
  title={Algoritmos: Teoria e Prática (3a. edição},
  author={Cormen, Thomas and Leiserson, Charles and Rivest, Ronald and Stein, Clifford},
  journal={Editora Campus},
  year={2012}
}

