@book{medina2006algoritmos,
  title={Algoritmos e programa{\c{c}}{\~a}o: teoria e pr{\'a}tica},
  author={Medina, Marco and Ferting, Cristina},
  year={2006},
  publisher={Novatec Editora}
}