@Book{carmo2013,
  title     		= {{Elementos de Matemática Discreta}},
  publisher 		= {College Publications},
  year      		= {2013},
  author    		= {Carmo, José and Gouveia, Paula and Dionísio, Francisco Miguel},
}
